@article{bennett11,
  title={Automated scoring of constructed-response literacy and mathematics items},
  author={Bennett, Randy Elliot},
  journal={Retrieved April},
  volume={14},
  pages={2011},
  year={2011}
}

@article{attali08,
  title={AUTOMATED SCORING OF SHORT-ANSWER OPEN-ENDED GRE{\textregistered} SUBJECT TEST ITEMS},
  author={Attali, Yigal and Powers, Don and Freedman, Marshall and Harrison, Marissa and Obetz, Susan},
  journal={ETS Research Report Series},
  volume={2008},
  number={1},
  pages={i--22},
  year={2008},
  publisher={Wiley Online Library}
}

@inproceedings{sukkarieh09,
  title={c-rater: {A}utomatic {C}ontent {S}coring for {S}hort {C}onstructed {R}esponses.},
  author={Sukkarieh, Jana Zuheir and Blackmore, John},
  booktitle={FLAIRS Conference},
  year={2009}
}

@misc{butcher06,
  title={{O}pen{M}ark examples},
  author={Butcher, PG},
  year={2006},
  howpublished={\url{http://www.open.ac.uk/openmarkexamples/}},
  note = {Accessed: 2015-03-19}
}


@article{butcher10,
  title={A comparison of human and computer marking of short free-text student responses},
  author={Butcher, Philip G and Jordan, Sally E},
  journal={Computers \& Education},
  volume={55},
  number={2},
  pages={489--499},
  year={2010},
  publisher={Elsevier}
}

@article{leacock03,
  title={C-rater: {A}utomated scoring of short-answer questions},
  author={Leacock, Claudia and Chodorow, Martin},
  journal={Computers and the Humanities},
  volume={37},
  number={4},
  pages={389--405},
  year={2003},
  publisher={Springer}
}

@article{shermis15,
  title={Contrasting state-of-the-art in the machine scoring of short-form constructed responses},
  author={Shermis, Mark D},
  journal={Educational Assessment},
  volume={20},
  number={1},
  pages={46--65},
  year={2015},
  publisher={Taylor \& Francis}
}

@inproceedings{vihavainen13,
  title={Scaffolding students' learning using test my code},
  author={Vihavainen, Arto and Vikberg, Thomas and Luukkainen, Matti and P{\"a}rtel, Martin},
  booktitle={Proceedings of the 18th ACM conference on Innovation and technology in computer science education},
  pages={117--122},
  year={2013},
  organization={ACM}
}

@article{bennett91,
  title={On the meanings of constructed response},
  author={Bennett, Randy Elliot},
  journal={ETS Research Report Series},
  volume={1991},
  number={2},
  pages={i--46},
  year={1991},
  publisher={Wiley Online Library}
}

@inproceedings{korenius04,
  title={Stemming and lemmatization in the clustering of {F}innish text documents},
  author={Korenius, Tuomo and Laurikkala, Jorma and J{\"a}rvelin, Kalervo and Juhola, Martti},
  booktitle={Proceedings of the thirteenth ACM international conference on Information and knowledge management},
  pages={625--633},
  year={2004},
  organization={ACM}
}

@article{karttunen85,
  title={Parsing in a free word order language},
  author={Karttunen, Lauri and Kay, Martin},
  journal={Natural language parsing},
  pages={279--306},
  year={1985}
}

@misc{vihavainen14,
  title={Ohjelmoinnin perus- ja jatkokurssin materiaali},
  author={Vihavainen, Arto and Luukkainen, Matti},
  year={2014},
  howpublished={\url{http://www.cs.helsinki.fi/group/java/s14-materiaali/viikko1/}}
}

@inproceedings{pirinen11,
  title={Modularisation of finnish finite-state language description—towards wide collaboration in open source development of a morphological analyser},
  author={Pirinen, Tommi A},
  booktitle={Proceedings of Nodalida},
  volume={18},
  pages={299--302},
  year={2011},
  organization={Citeseer}
}

@incollection{linden13,
  title={{H}{F}{S}{T}—a system for creating {N}{L}{P} tools},
  author={Lind{\'e}n, Krister and Axelson, Erik and Drobac, Senka and Hardwick, Sam and Kuokkala, Juha and Niemi, Jyrki and Pirinen, Tommi A and Silfverberg, Miikka},
  booktitle={Systems and Frameworks for Computational Morphology},
  pages={53--71},
  year={2013},
  publisher={Springer}
}

@incollection{linden11,
  title={{H}{F}{S}{T}—framework for compiling and applying morphologies},
  author={Lind{\'e}n, Krister and Axelson, Erik and Hardwick, Sam and Pirinen, Tommi A and Silfverberg, Miikka},
  booktitle={Systems and Frameworks for Computational Morphology},
  pages={67--85},
  year={2011},
  publisher={Springer}
}

@inproceedings{mitchell03,
  title={Computer based testing of medical knowledge},
  author={Mitchell, Tom and Aldridge, Nicola and Williamson, Walter and Broomhead, Peter},
  booktitle={Proceedings of the 7th computer assisted assessment conference},
  pages={249--267},
  year={2003}
}

@article{mitchell02,
  title={Towards robust computerised marking of free-text responses},
  author={Mitchell, Tom and Russell, Terry and Broomhead, Peter and Aldridge, Nicola},
  year={2002},
  publisher={{\copyright} Loughborough University}
}

@inproceedings{sukkarieh03,
  title={Auto-marking: using computational linguistics to score short, free text responses},
  author={Sukkarieh, Jana Z and Pulman, Stephen G and Raikes, Nicholas},
  booktitle={th annual conference of the International Association for Educational Assessment (IAEA), Manchester, UK},
  year={2003}
}

@article{jordan09,
  title={e-Assessment for learning? The potential of short-answer free-text questions with tailored feedback},
  author={Jordan, Sally and Mitchell, Tom},
  journal={British Journal of Educational Technology},
  volume={40},
  number={2},
  pages={371--385},
  year={2009},
  publisher={Wiley Online Library}
}

@article{landauer98,
  title={An introduction to latent semantic analysis},
  author={Landauer, Thomas K and Foltz, Peter W and Laham, Darrell},
  journal={Discourse processes},
  volume={25},
  number={2-3},
  pages={259--284},
  year={1998},
  publisher={Taylor \& Francis}
}

@book{chomsky02,
  title={Syntactic structures},
  author={Chomsky, Noam},
  year={2002},
  publisher={Walter de Gruyter}
}

@misc{matthews91,
  title={Morphology (Cambridge Textbooks in Linguistics)},
  author={Matthews, Peter H},
  year={1991},
  publisher={Cambridge: Cambridge University Press}
}

